
@article{smeulders_content-based_2000,
	title = {Content-based image retrieval at the end of the early years},
	volume = {22},
	number = {12},
	journal = {Pattern Analysis and Machine Intelligence, {IEEE} Transactions on},
	author = {Smeulders, A. {W.M} and Worring, M. and Santini, S. and Gupta, A. and Jain, R.},
	year = {2000},
	pages = {1349–1380}
},

@inproceedings{chan_hierarchical_1997,
	title = {A hierarchical algorithm for image retrieval by sketch},
	booktitle = {Multimedia Signal Processing, 1997., {IEEE} First Workshop on},
	author = {Chan, Y. and Kung, S. Y.},
	year = {1997},
	pages = {564–569}
},

@inproceedings{yang_robust_2008,
	title = {A Robust Similarity Measure Method in {CBIR} System},
	isbn = {978-0-7695-3119-9},
	url = {http://ieeexplore.ieee.org/lpdocs/epic03/wrapper.htm?arnumber=4566386},
	doi = {10.1109/CISP.2008.185},
	publisher = {{IEEE}},
	author = {Yang, Guang and Xiao, Yingyuan},
	year = {2008},
	pages = {662--666}
},

@inproceedings{sumana_content_2008,
	title = {Content based image retrieval using curvelet transform},
	booktitle = {Multimedia Signal Processing, 2008 {IEEE} 10th Workshop on},
	author = {Sumana, I. J and Islam, M. M and Zhang, D. and Lu, G.},
	year = {2008},
	pages = {11–16}
},

@phdthesis{banfi_content-based_2000,
	title = {{Content-Based} Image Retrieval Using {Hand-Drawn} Sketches and Local Features: a Study on Visual Dissimilarity},
	shorttitle = {{Content-Based} Image Retrieval Using {Hand-Drawn} Sketches and Local Features},
	author = {Banfi, F.},
	year = {2000}
},

@article{arbelaez_contour_2011,
	title = {Contour detection and hierarchical image segmentation},
	number = {99},
	journal = {Pattern Analysis and Machine Intelligence, {IEEE} Transactions on},
	author = {Arbelaez, P. and Maire, M. and Fowlkes, C. and Malik, J.},
	year = {2011},
	pages = {1–1}
},

@article{mandal_curvelet_2009,
	title = {Curvelet based face recognition via dimension reduction},
	volume = {89},
	number = {12},
	journal = {Signal Processing},
	author = {Mandal, T. and Jonathan Wu, Q. M. and Yuan, Y.},
	year = {2009},
	pages = {2345–2353}
},

@article{guha_curvelet_????,
	title = {Curvelet Based Feature Extraction},
	author = {Guha, T. and Wu, Q. {M.J}}
},

@article{datta_image_2008,
	title = {Image retrieval},
	volume = {40},
	issn = {03600300},
	url = {http://portal.acm.org/citation.cfm?doid=1348246.1348248},
	doi = {10.1145/1348246.1348248},
	number = {2},
	journal = {{ACM} Computing Surveys},
	author = {Datta, Ritendra and Joshi, Dhiraj and Li, Jia and Wang, James Z.},
	month = apr,
	year = {2008},
	pages = {1--60}
},

@article{wenyin_raster_1999,
	title = {From raster to vectors: Extracting visual information from line drawings},
	volume = {2},
	shorttitle = {From raster to vectors},
	number = {1},
	journal = {Pattern Analysis \& Applications},
	author = {Wenyin, L. and Dori, D.},
	year = {1999},
	pages = {10–21}
},

@inproceedings{mandal_face_2008,
	title = {Face recognition using curvelet based {PCA}},
	booktitle = {Pattern Recognition, 2008. {ICPR} 2008. 19th International Conference on},
	author = {Mandal, T. and Wu, Q. {M.J}},
	year = {2008},
	pages = {1–4}
},

@article{cohen_face_2011,
	title = {Face Recognition using Curvelet Transform},
	journal = {Arxiv preprint {arXiv:1107.2781}},
	author = {Cohen, R.},
	year = {2011}
},

@article{candes_fast_2006,
	title = {Fast discrete curvelet transforms},
	volume = {5},
	number = {3},
	journal = {Multiscale modeling and simulation},
	author = {Candes, E. and Demanet, L. and Donoho, D. and Ying, L.},
	year = {2006},
	pages = {861–899}
},

@inproceedings{jacobs_fast_1995,
	title = {Fast multiresolution image querying},
	booktitle = {Proceedings of the 22nd annual conference on Computer graphics and interactive techniques},
	author = {Jacobs, C. E and Finkelstein, A. and Salesin, D. H},
	year = {1995},
	pages = {277–286}
},

@inproceedings{lei_image_1997,
	title = {Image curvelet feature extraction and matching},
	booktitle = {Proc. {ICIP}},
	author = {Lei, Z. and Chan, Y. and Lopresti, D.},
	year = {1997}
},

@article{li_multiresolution_2000,
	title = {Multiresolution image classification by hierarchical modeling with two-dimensional hidden Markov models},
	volume = {46},
	number = {5},
	journal = {Information Theory, {IEEE} Transactions on},
	author = {Li, J. and Gray, R. M and Olshen, R. A},
	year = {2000},
	pages = {1826–1841}
},

@article{vasconcelos_pixels_2007,
	title = {From pixels to semantic spaces: Advances in content-based image retrieval},
	volume = {40},
	shorttitle = {From pixels to semantic spaces},
	number = {7},
	journal = {Computer},
	author = {Vasconcelos, N.},
	year = {2007},
	pages = {20–26}
},

@inproceedings{lee_shadowdraw_2011,
	title = {{ShadowDraw}},
	isbn = {9781450309431},
	url = {http://portal.acm.org/citation.cfm?doid=1964921.1964922},
	doi = {10.1145/1964921.1964922},
	publisher = {{ACM} Press},
	author = {Lee, Yong Jae and Zitnick, C. Lawrence and Cohen, Michael F.},
	year = {2011},
	pages = {1}
},

@article{chalechale_sketch-based_2005,
	title = {{Sketch-Based} Image Matching Using Angular Partitioning},
	volume = {35},
	issn = {1083-4427},
	url = {http://ieeexplore.ieee.org/lpdocs/epic03/wrapper.htm?arnumber=1369343},
	doi = {10.1109/TSMCA.2004.838464},
	number = {1},
	journal = {{IEEE} Transactions on Systems, Man, and Cybernetics - Part A: Systems and Humans},
	author = {Chalechale, A. and Naghdy, G. and Mertins, A.},
	month = jan,
	year = {2005},
	pages = {28--41}
},

@inproceedings{sivic_video_2003,
	title = {Video Google: A text retrieval approach to object matching in videos},
	shorttitle = {Video Google},
	booktitle = {Computer Vision, 2003. Proceedings. Ninth {IEEE} International Conference on},
	author = {Sivic, J. and Zisserman, A.},
	year = {2003},
	pages = {1470–1477}
},

@article{zhu_theory_2002,
	title = {Theory of keyblock-based image retrieval},
	volume = {20},
	number = {2},
	journal = {{ACM} Transactions on Information Systems {(TOIS)}},
	author = {Zhu, L. and Rao, A. B and Zhang, A.},
	year = {2002},
	pages = {224–257}
},

@inproceedings{csurka_visual_2004,
	title = {Visual categorization with bags of keypoints},
	volume = {1},
	booktitle = {Workshop on statistical learning in computer vision, {ECCV}},
	author = {Csurka, G. and Dance, C. and Fan, L. and Willamowski, J. and Bray, C.},
	year = {2004},
	pages = {22}
},

@inproceedings{fergus_learning_2005,
	title = {Learning object categories from Google's image search},
	volume = {2},
	booktitle = {Computer Vision, 2005. {ICCV} 2005. Tenth {IEEE} International Conference on},
	author = {Fergus, R. and {Fei-Fei}, L. and Perona, P. and Zisserman, A.},
	year = {2005},
	pages = {1816–1823}
},

@article{mikolajczyk_comparison_2005,
	title = {A Comparison of Affine Region Detectors},
	volume = {65},
	issn = {0920-5691, 1573-1405},
	url = {http://www.springerlink.com/index/10.1007/s11263-005-3848-x},
	doi = {10.1007/s11263-005-3848-x},
	number = {1-2},
	journal = {International Journal of Computer Vision},
	author = {Mikolajczyk, K. and Tuytelaars, T. and Schmid, C. and Zisserman, A. and Matas, J. and Schaffalitzky, F. and Kadir, T. and Gool, L. Van},
	month = oct,
	year = {2005},
	pages = {43--72}
},

@article{mikolajczyk_performance_2005,
	title = {A performance evaluation of local descriptors},
	volume = {27},
	issn = {0162-8828},
	url = {http://ieeexplore.ieee.org/lpdocs/epic03/wrapper.htm?arnumber=1498756},
	doi = {10.1109/TPAMI.2005.188},
	number = {10},
	journal = {{IEEE} Transactions on Pattern Analysis and Machine Intelligence},
	author = {Mikolajczyk, K. and Schmid, C.},
	month = oct,
	year = {2005},
	pages = {1615--1630}
},

@article{nowak_sampling_2006,
	title = {Sampling strategies for bag-of-features image classification},
	journal = {Computer {Vision–ECCV} 2006},
	author = {Nowak, E. and Jurie, F. and Triggs, B.},
	year = {2006},
	pages = {490–503}
},

@inproceedings{philbin_object_2007,
	title = {Object retrieval with large vocabularies and fast spatial matching},
	booktitle = {Computer Vision and Pattern Recognition, 2007. {CVPR'07.} {IEEE} Conference on},
	author = {Philbin, J. and Chum, O. and Isard, M. and Sivic, J. and Zisserman, A.},
	year = {2007},
	pages = {1–8}
},

@inproceedings{rubner_texture-based_1999,
	title = {Texture-based image retrieval without segmentation},
	volume = {2},
	booktitle = {Computer Vision, 1999. The Proceedings of the Seventh {IEEE} International Conference on},
	author = {Rubner, Y. and Tomasi, C.},
	year = {1999},
	pages = {1018–1024}
},

@article{rubner_earth_2000,
	title = {The earth mover's distance as a metric for image retrieval},
	volume = {40},
	number = {2},
	journal = {International Journal of Computer Vision},
	author = {Rubner, Y. and Tomasi, C. and Guibas, L. J},
	year = {2000},
	pages = {99–121}
},

@inproceedings{nister_scalable_2006,
	title = {Scalable recognition with a vocabulary tree},
	volume = {2},
	booktitle = {Computer Vision and Pattern Recognition, 2006 {IEEE} Computer Society Conference on},
	author = {Nister, D. and Stewenius, H.},
	year = {2006},
	pages = {2161–2168}
},

@phdthesis{sumana_image_2008,
	title = {Image Retrieval Using Discrete Curvelet Transform},
	author = {Sumana, I. J},
	month = nov,
	year = {2008}
},

@inproceedings{zhang_local_2006,
	title = {Local features and kernels for classification of texture and object categories: A comprehensive study},
	booktitle = {Computer Vision and Pattern Recognition Workshop, 2006. {CVPRW} '06. Conference on},
	author = {Zhang, J. and Marszalek, M. and Lazebnik, S. and Schmid, C.},
	month = jun,
	year = {2006}
},

@inproceedings{shrivastava_data-driven_2011,
	title = {Data-driven Visual Similarity for Cross-domain Image Matching},
	booktitle = {{ACM} Transaction of Graphics {(TOG)} {(Proceedings} of {ACM} {SIGGRAPH} {ASIA)}},
	author = {Shrivastava, A. and Malisiewicz, T. and Gupta, A. and Efros, A.},
	year = {2011}
},

@inproceedings{dutta_clustering_1993,
	title = {Clustering Approach to Content Based Image Retrieval},
	booktitle = {Geometric Modeling and {Imaging--New} Trends, 2006},
	author = {Dutta, P. J. and Bhattacharyya, D. K. and Kalita, J. K. and Dutta, M.},
	year = {1993},
	pages = {183 -- 188}
}